<record><leader>00000cas a22000007a 4500</leader><controlfield tag="001">29650109</controlfield><controlfield tag="008">940119d19uu1986txudn ne      0    0eng d</controlfield><datafield ind1=" " ind2=" " tag="010"><subfield code="a">sn 94059104 </subfield></datafield><datafield ind1=" " ind2=" " tag="040"><subfield code="a">PPM</subfield><subfield code="b">eng</subfield><subfield code="c">PPM</subfield><subfield code="d">OCLCQ</subfield></datafield><datafield ind1=" " ind2=" " tag="042"><subfield code="a">msc</subfield></datafield><datafield ind1="0" ind2="0" tag="245"><subfield code="a">Plano daily star-courier.</subfield></datafield><datafield ind1="3" ind2="0" tag="246"><subfield code="a">Daily Plano star-courier</subfield></datafield><datafield ind1=" " ind2=" " tag="260"><subfield code="a">Plano, Tex. :</subfield><subfield code="b">Taylor Communication, Inc.</subfield></datafield><datafield ind1=" " ind2=" " tag="300"><subfield code="a">v.</subfield></datafield><datafield ind1=" " ind2=" " tag="310"><subfield code="a">Daily (except Sat. and Mon.)</subfield></datafield><datafield ind1="1" ind2=" " tag="362"><subfield code="a">Ceased in 1986.</subfield></datafield><datafield ind1=" " ind2=" " tag="588"><subfield code="a">Description based on : vol. 88, no. 127 (Feb. 29, 1976).</subfield></datafield><datafield ind1=" " ind2=" " tag="752"><subfield code="a">United States</subfield><subfield code="b">Texas</subfield><subfield code="c">Collin</subfield><subfield code="d">Plano.</subfield></datafield><datafield ind1="0" ind2="0" tag="780"><subfield code="t">Plano star-courier</subfield><subfield code="w">(DLC)sn 86089947</subfield></datafield><datafield ind1="0" ind2="0" tag="785"><subfield code="t">Plano star courier</subfield><subfield code="w">(DLC)sn 87002513</subfield></datafield></record>